<?xml version="1.0" encoding="UTF-8"?><collection xmlns="http://www.loc.gov/MARC21/slim"><record><leader>00419nam--2200145-i-4500</leader><controlfield tag="001">000012040</controlfield><controlfield tag="002">20161230</controlfield><controlfield tag="005">20170222150642</controlfield><controlfield tag="008">060222s1000------------r-----000-0-eng-d</controlfield><datafield ind1=" " ind2=" " tag="080"><subfield code="a">530.145</subfield></datafield><datafield ind1=" " ind2=" " tag="100"><subfield code="a">Brillouin, Leon</subfield></datafield><datafield ind1=" " ind2=" " tag="245"><subfield code="a">Les statistiques quantiques et leur applications. La theorie des quanta</subfield></datafield><datafield ind1=" " ind2=" " tag="260"><subfield code="a">Paris</subfield><subfield code="b">Les Presses Universitaires De France</subfield><subfield code="c">1930</subfield></datafield><datafield ind1=" " ind2=" " tag="852"><subfield code="a">44428</subfield></datafield><datafield ind1=" " ind2=" " tag="CAT"><subfield code="a">SYS</subfield><subfield code="c">20170222</subfield><subfield code="h">150642</subfield></datafield></record></collection>